<record><leader>00000cas a22000007a 4500</leader><controlfield tag="001">25181444</controlfield><controlfield tag="008">920129c19929999nduwr ne      0   a0eng d</controlfield><datafield ind1=" " ind2=" " tag="010"><subfield code="a">sn 92002784 </subfield></datafield><datafield ind1=" " ind2=" " tag="040"><subfield code="a">NSD</subfield><subfield code="b">eng</subfield><subfield code="c">NSD</subfield><subfield code="d">NOP</subfield><subfield code="d">OCLCQ</subfield></datafield><datafield ind1=" " ind2=" " tag="012"><subfield code="m">1</subfield></datafield><datafield ind1="1" ind2=" " tag="022"><subfield code="a">1061-1029</subfield><subfield code="l">1061-1029</subfield><subfield code="2">1</subfield></datafield><datafield ind1=" " ind2=" " tag="032"><subfield code="a">234480</subfield><subfield code="b">USPS</subfield></datafield><datafield ind1=" " ind2=" " tag="037"><subfield code="b">Richland Pub. Co., 107 Main St., Hankinson, ND 58041</subfield></datafield><datafield ind1=" " ind2=" " tag="042"><subfield code="a">nsdp</subfield><subfield code="a">msc</subfield></datafield><datafield ind1=" " ind2="0" tag="222"><subfield code="a">Richland County news-monitor</subfield></datafield><datafield ind1="0" ind2="0" tag="245"><subfield code="a">Richland County news-monitor.</subfield></datafield><datafield ind1=" " ind2=" " tag="260"><subfield code="a">Richland County, N.D. :</subfield><subfield code="b">Richland Pub. Co.,</subfield><subfield code="c">[1992]-</subfield></datafield><datafield ind1=" " ind2=" " tag="300"><subfield code="a">v.</subfield></datafield><datafield ind1=" " ind2=" " tag="310"><subfield code="a">Weekly</subfield></datafield><datafield ind1="0" ind2=" " tag="362"><subfield code="a">Vol. 101, no. 42 (Jan. 1, 1992)-</subfield></datafield><datafield ind1=" " ind2=" " tag="530"><subfield code="a">Available on microfilm from the State Historical Society of North Dakota.</subfield></datafield><datafield ind1=" " ind2=" " tag="580"><subfield code="a">Formed by the union of: Fairmount news (Fairmount, N.D. : 1965); Hankinson news; and: Monitor (Lidgerwood, N.D. : 1981).</subfield></datafield><datafield ind1=" " ind2=" " tag="752"><subfield code="a">United States</subfield><subfield code="b">North Dakota</subfield><subfield code="c">Richland</subfield><subfield code="d">Hankinson.</subfield></datafield><datafield ind1=" " ind2=" " tag="752"><subfield code="a">United States</subfield><subfield code="b">North Dakota</subfield><subfield code="c">Richland</subfield><subfield code="d">Great Bend.</subfield></datafield><datafield ind1=" " ind2=" " tag="752"><subfield code="a">United States</subfield><subfield code="b">North Dakota</subfield><subfield code="c">Richland</subfield><subfield code="d">Fairmount.</subfield></datafield><datafield ind1=" " ind2=" " tag="752"><subfield code="a">United States</subfield><subfield code="b">North Dakota</subfield><subfield code="c">Richland</subfield><subfield code="d">Lidgerwood.</subfield></datafield><datafield ind1="1" ind2="4" tag="780"><subfield code="t">Fairmount news (Fairmount, N.D. : 1965)</subfield><subfield code="x">8750-4545</subfield><subfield code="w">(DLC)sn 84002063</subfield></datafield><datafield ind1="1" ind2="4" tag="780"><subfield code="t">Hankinson news</subfield><subfield code="w">(DLC)sn 88076467</subfield></datafield><datafield ind1="1" ind2="4" tag="780"><subfield code="t">Monitor (Lidgerwood, N.D. : 1981)</subfield><subfield code="x">0744-1401</subfield><subfield code="w">(DLC)sn 82000054</subfield></datafield></record>